<?xml version="1.0" encoding="UTF-8"?><collection xmlns="http://www.loc.gov/MARC21/slim"><record><leader>00509nam--2200193-u-4500</leader><controlfield tag="001">000052216</controlfield><controlfield tag="002">20161230</controlfield><controlfield tag="005">20161230201050</controlfield><controlfield tag="008">100525s1000------------r-----000-0-RUS-d</controlfield><datafield ind1=" " ind2=" " tag="040"><subfield code="a">IFIN-HH</subfield></datafield><datafield ind1=" " ind2=" " tag="041"><subfield code="a">RUS</subfield></datafield><datafield ind1=" " ind2=" " tag="080"><subfield code="a">519.216</subfield></datafield><datafield ind1="1" ind2=" " tag="100"><subfield code="a">Kramer, G</subfield></datafield><datafield ind1="1" ind2="0" tag="245"><subfield code="a">Stationarie slucainie protessi</subfield><subfield code="c">G. kramer; m. lidietter</subfield></datafield><datafield ind1=" " ind2=" " tag="260"><subfield code="a">Moskva</subfield><subfield code="b">Izdatelistvo Mir</subfield><subfield code="c">1969</subfield></datafield><datafield ind1=" " ind2=" " tag="300"><subfield code="a">398</subfield></datafield><datafield ind1=" " ind2=" " tag="500"><subfield code="a">Stationaty And Related Stochastic Processes</subfield></datafield><datafield ind1=" " ind2=" " tag="852"><subfield code="a">31534</subfield><subfield code="c">519.2</subfield></datafield><datafield ind1=" " ind2=" " tag="CAT"><subfield code="a">Sys</subfield><subfield code="c">20100525</subfield><subfield code="h">103138</subfield></datafield></record></collection>